<?xml version="1.0" encoding="UTF-8"?><record xmlns="http://www.loc.gov/MARC21/slim" xmlns:cinclude="http://apache.org/cocoon/include/1.0" xmlns:zs="http://www.loc.gov/zing/srw/">
  <leader>00345nz  a2200133n  4500</leader>
  <controlfield tag="001">no 97005754 </controlfield>
  <controlfield tag="003">DLC</controlfield>
  <controlfield tag="005">19970129054628.4</controlfield>
  <controlfield tag="008">970128n| acannaab|          |n aaa     c</controlfield>
  <datafield tag="010" ind1=" " ind2=" ">
    <subfield code="a">no 97005754 </subfield>
  </datafield>
  <datafield tag="035" ind1=" " ind2=" ">
    <subfield code="a">(OCoLC)oca04257253 </subfield>
  </datafield>
  <datafield tag="040" ind1=" " ind2=" ">
    <subfield code="a">DJBF</subfield>
    <subfield code="c">DJBF</subfield>
  </datafield>
  <datafield tag="100" ind1="1" ind2="0">
    <subfield code="a">Wragg, S. R.</subfield>
  </datafield>
  <datafield tag="670" ind1=" " ind2=" ">
    <subfield code="a">Making decisions with the aid ... 1980:</subfield>
    <subfield code="b">t.p. (S.R. Wragg)</subfield>
  </datafield>
</record>